<?xml version="1.0" encoding="UTF-8"?>
<record xmlns="http://www.loc.gov/MARC21/slim">
   <leader>02628cam a2200625 a 4500</leader>
   <controlfield tag="001">3866303</controlfield>
   <controlfield tag="003">LTSCA</controlfield>
   <controlfield tag="005">20070320164632.0</controlfield>
   <controlfield tag="008">070320s2006    abca     b   s000 0 eng d</controlfield>
   <datafield tag="020" ind1=" " ind2=" ">
      <subfield code="a">077412749X (student module bklt.)</subfield>
   </datafield>
   <datafield tag="020" ind1=" " ind2=" ">
      <subfield code="a">0774127503 (assgmt. bklt. A)</subfield>
   </datafield>
   <datafield tag="020" ind1=" " ind2=" ">
      <subfield code="a">0774127511 (assgmt. bklt. B)</subfield>
   </datafield>
   <datafield tag="020" ind1=" " ind2=" ">
      <subfield code="a">0774127880 (CD-ROM)</subfield>
   </datafield>
   <datafield tag="035" ind1=" " ind2=" ">
      <subfield code="a">ocm86081069</subfield>
   </datafield>
   <datafield tag="040" ind1=" " ind2=" ">
      <subfield code="a">AEU</subfield>
      <subfield code="b">eng</subfield>
      <subfield code="c">AEU</subfield>
   </datafield>
   <datafield tag="049" ind1=" " ind2=" ">
      <subfield code="a">UABA</subfield>
   </datafield>
   <datafield tag="055" ind1=" " ind2="8">
      <subfield code="a">KF1284</subfield>
      <subfield code="b">.L44 2006</subfield>
      <subfield code="2">kfmod</subfield>
   </datafield>
   <datafield tag="090" ind1=" " ind2=" ">
      <subfield code="a">KF 1284 L44 2006</subfield>
      <subfield code="b">AEU</subfield>
   </datafield>
   <datafield tag="090" ind1=" " ind2=" ">
      <subfield code="a">KF 1284 A7 L432</subfield>
      <subfield code="b">AEE</subfield>
   </datafield>
   <datafield tag="240" ind1="0" ind2="0">
      <subfield code="a">Legal studies 3040 :/ negligence.</subfield>
   </datafield>
   <datafield tag="245" ind1="0" ind2="0">
      <subfield code="a">Legal studies 3040 : negligence 2006</subfield>
      <subfield code="b">negligence.</subfield>
   </datafield>
   <datafield tag="260" ind1=" " ind2=" ">
      <subfield code="a">Edmonton :</subfield>
      <subfield code="b">Alberta Education, Learning Technologies Branch,</subfield>
      <subfield code="c">c2006.</subfield>
   </datafield>
   <datafield tag="300" ind1=" " ind2=" ">
      <subfield code="a">111 p. :</subfield>
      <subfield code="b">ill. (some col.) ;</subfield>
      <subfield code="c">28 cm. +</subfield>
      <subfield code="e">1 CD-ROM + 2 assignment booklets.</subfield>
   </datafield>
   <datafield tag="336" ind1=" " ind2=" ">
      <subfield code="a">text</subfield>
      <subfield code="b">txt</subfield>
      <subfield code="2">rdacontent</subfield>
   </datafield>
   <datafield tag="337" ind1=" " ind2=" ">
      <subfield code="a">unmediated</subfield>
      <subfield code="b">n</subfield>
      <subfield code="2">rdamedia</subfield>
   </datafield>
   <datafield tag="338" ind1=" " ind2=" ">
      <subfield code="a">volume</subfield>
      <subfield code="b">nc</subfield>
      <subfield code="2">rdacarrier</subfield>
   </datafield>
   <datafield tag="490" ind1="1" ind2=" ">
      <subfield code="a">Career and technology studies</subfield>
   </datafield>
   <datafield tag="500" ind1=" " ind2=" ">
      <subfield code="a">"Student module booklet"--T.p. verso.</subfield>
   </datafield>
   <datafield tag="500" ind1=" " ind2=" ">
      <subfield code="a">CD-ROM is teacher's guide.</subfield>
   </datafield>
   <datafield tag="504" ind1=" " ind2=" ">
      <subfield code="a">Includes bibliographical references.</subfield>
   </datafield>
   <datafield tag="590" ind1=" " ind2=" ">
      <subfield code="a">Approved for use in Alberta schools.</subfield>
   </datafield>
   <datafield tag="596" ind1=" " ind2=" ">
      <subfield code="a">2 38 41</subfield>
   </datafield>
   <datafield tag="650" ind1=" " ind2="0">
      <subfield code="a">Negligence</subfield>
      <subfield code="z">Alberta.</subfield>
   </datafield>
   <datafield tag="650" ind1=" " ind2="0">
      <subfield code="a">Negligence</subfield>
      <subfield code="z">Canada.</subfield>
   </datafield>
   <datafield tag="650" ind1=" " ind2="0">
      <subfield code="a">Negligence</subfield>
      <subfield code="x">Study and teaching (Secondary)</subfield>
      <subfield code="z">Alberta.</subfield>
   </datafield>
   <datafield tag="650" ind1=" " ind2="0">
      <subfield code="a">Negligence</subfield>
      <subfield code="x">Study and teaching (Secondary)</subfield>
      <subfield code="z">Canada.</subfield>
   </datafield>
   <datafield tag="650" ind1=" " ind2="0">
      <subfield code="a">Courts</subfield>
      <subfield code="z">Alberta.</subfield>
   </datafield>
   <datafield tag="650" ind1=" " ind2="0">
      <subfield code="a">Courts</subfield>
      <subfield code="x">Study and teaching (Secondary)</subfield>
      <subfield code="z">Alberta.</subfield>
   </datafield>
   <datafield tag="650" ind1=" " ind2="0">
      <subfield code="a">Civil procedure</subfield>
      <subfield code="z">Alberta.</subfield>
   </datafield>
   <datafield tag="650" ind1=" " ind2="0">
      <subfield code="a">Civil procedure</subfield>
      <subfield code="x">Study and teaching (Secondary)</subfield>
      <subfield code="z">Alberta.</subfield>
   </datafield>
   <datafield tag="710" ind1="1" ind2=" ">
      <subfield code="a">Alberta.</subfield>
      <subfield code="b">Alberta Education.</subfield>
      <subfield code="b">Learning Technologies Branch.</subfield>
   </datafield>
   <datafield tag="830" ind1=" " ind2="0">
      <subfield code="a">Career and Technology Studies Program.</subfield>
   </datafield>
   <datafield tag="949" ind1=" " ind2=" ">
      <subfield code="h">UAED-CU-B</subfield>
      <subfield code="i">0162023401266</subfield>
   </datafield>
   <datafield tag="994" ind1=" " ind2=" ">
      <subfield code="a">C0</subfield>
      <subfield code="b">UAB</subfield>
   </datafield>
   <datafield tag="926" ind1=" " ind2=" ">
      <subfield code="a">AGL_CAP</subfield>
      <subfield code="b">SPECIALCOL</subfield>
      <subfield code="c">KF 1284 A7 L432 2006</subfield>
      <subfield code="d">LOCAL_LOAN</subfield>
      <subfield code="f">1</subfield>
   </datafield>
   <datafield tag="926" ind1=" " ind2=" ">
      <subfield code="a">AGL_CAP</subfield>
      <subfield code="b">SPECIALCOL</subfield>
      <subfield code="c">KF 1284 A7 L432 2006 bklt.A</subfield>
      <subfield code="d">LOCAL_LOAN</subfield>
      <subfield code="f">1</subfield>
   </datafield>
   <datafield tag="926" ind1=" " ind2=" ">
      <subfield code="a">AGL_CAP</subfield>
      <subfield code="b">SPECIALCOL</subfield>
      <subfield code="c">KF 1284 A7 L432 2006 bklt.B</subfield>
      <subfield code="d">LOCAL_LOAN</subfield>
      <subfield code="f">1</subfield>
   </datafield>
   <datafield tag="926" ind1=" " ind2=" ">
      <subfield code="a">AGL_CAP</subfield>
      <subfield code="b">SPECIALCOL</subfield>
      <subfield code="c">KF 1284 A7 L432 2006 CD</subfield>
      <subfield code="d">LOCAL_LOAN</subfield>
      <subfield code="f">1</subfield>
   </datafield>
   <datafield tag="926" ind1=" " ind2=" ">
      <subfield code="a">UABARD</subfield>
      <subfield code="b">ON_SHELF</subfield>
      <subfield code="c">KF 1284 L44 2006</subfield>
      <subfield code="d">BOOK</subfield>
      <subfield code="f">1</subfield>
   </datafield>
   <datafield tag="926" ind1=" " ind2=" ">
      <subfield code="a">UABARD</subfield>
      <subfield code="b">ON_SHELF</subfield>
      <subfield code="c">KF 1284 L44 2006 assgmts.A</subfield>
      <subfield code="d">BOOK</subfield>
      <subfield code="f">1</subfield>
   </datafield>
   <datafield tag="926" ind1=" " ind2=" ">
      <subfield code="a">UABARD</subfield>
      <subfield code="b">ON_SHELF</subfield>
      <subfield code="c">KF 1284 L44 2006 assgmts.B</subfield>
      <subfield code="d">BOOK</subfield>
      <subfield code="f">1</subfield>
   </datafield>
   <datafield tag="926" ind1=" " ind2=" ">
      <subfield code="a">UABARD</subfield>
      <subfield code="b">ON_SHELF</subfield>
      <subfield code="c">KF 1284 L44 2006 CD-ROM</subfield>
      <subfield code="d">MEDIA</subfield>
      <subfield code="f">1</subfield>
   </datafield>
   <datafield tag="926" ind1=" " ind2=" ">
      <subfield code="a">UAEDUC</subfield>
      <subfield code="b">CURRICULUM</subfield>
      <subfield code="c">KF 1284 L44 2006</subfield>
      <subfield code="d">LOCAL_LOAN</subfield>
      <subfield code="f">1</subfield>
   </datafield>
   <datafield tag="926" ind1=" " ind2=" ">
      <subfield code="a">UAEDUC</subfield>
      <subfield code="b">CURRICULUM</subfield>
      <subfield code="c">KF 1284 L44 2006 assgmts.A</subfield>
      <subfield code="d">LOCAL_LOAN</subfield>
      <subfield code="f">1</subfield>
   </datafield>
   <datafield tag="926" ind1=" " ind2=" ">
      <subfield code="a">UAEDUC</subfield>
      <subfield code="b">CURRICULUM</subfield>
      <subfield code="c">KF 1284 L44 2006 assgmts.B</subfield>
      <subfield code="d">LOCAL_LOAN</subfield>
      <subfield code="f">1</subfield>
   </datafield>
   <datafield tag="926" ind1=" " ind2=" ">
      <subfield code="a">UAEDUC</subfield>
      <subfield code="b">CURRICULUM</subfield>
      <subfield code="c">KF 1284 L44 2006 CD-ROM</subfield>
      <subfield code="d">LOCAL_LOAN</subfield>
      <subfield code="f">1</subfield>
   </datafield>
</record>
